<record><leader>00000cas a22000007a 4500</leader><controlfield tag="001">8780588</controlfield><controlfield tag="008">820916d18471855meuwr ne      0   a0eng  </controlfield><datafield ind1=" " ind2=" " tag="010"><subfield code="a">sn 82014359 </subfield></datafield><datafield ind1=" " ind2=" " tag="040"><subfield code="a">DLC</subfield><subfield code="b">eng</subfield><subfield code="c">DLC</subfield><subfield code="d">NPX</subfield><subfield code="d">NPY</subfield><subfield code="d">DLC</subfield><subfield code="d">MBN</subfield><subfield code="d">MGN</subfield><subfield code="d">OCLCQ</subfield></datafield><datafield ind1=" " ind2=" " tag="042"><subfield code="a">msc</subfield></datafield><datafield ind1=" " ind2=" " tag="043"><subfield code="a">n-us-me</subfield></datafield><datafield ind1="0" ind2="0" tag="050"><subfield code="a">Newspaper 8007-X</subfield></datafield><datafield ind1="0" ind2=" " tag="130"><subfield code="a">Northern tribune (Bath, Me. : Weekly)</subfield></datafield><datafield ind1="1" ind2="4" tag="245"><subfield code="a">The Northern tribune.</subfield></datafield><datafield ind1="1" ind2="3" tag="246"><subfield code="a">Northern tribune and Lincoln telegraph</subfield><subfield code="f">1847</subfield></datafield><datafield ind1=" " ind2=" " tag="260"><subfield code="a">Bath, Me. :</subfield><subfield code="b">Chamberlain, Haines &amp; Plummer</subfield></datafield><datafield ind1=" " ind2=" " tag="300"><subfield code="a">v. :</subfield><subfield code="b">ill. (chiefly advertisements) ;</subfield><subfield code="c">62 cm.</subfield></datafield><datafield ind1=" " ind2=" " tag="310"><subfield code="a">Weekly</subfield></datafield><datafield ind1="1" ind2=" " tag="362"><subfield code="a">Began in 1847; ceased in 1855.</subfield></datafield><datafield ind1=" " ind2=" " tag="500"><subfield code="a">Publishers: Charles H. Chamberlain, Cyrus M. Plummer, Jan.-Apr. 1849; George Ross, Cyrus M. Plummer, Apr. 1849-&lt;July 1849&gt;; George Ross, 1850-1855.</subfield></datafield><datafield ind1=" " ind2=" " tag="500"><subfield code="a">Whig.</subfield></datafield><datafield ind1=" " ind2=" " tag="500"><subfield code="a">Editors: C.M. Plummer, Jan. 1849-&lt;July 1849&gt;; B.H. Meder, &lt;1849-1850&gt;; J.S. Baker, &lt;1851&gt;; C.C. Came, ; W.H. Crosby, &lt;1854-1855&gt;; E. Upton, Mar.-June 1855.</subfield></datafield><datafield ind1=" " ind2=" " tag="580"><subfield code="a">Daily ed.: Daily northern tribune, 1847-&lt;1849&gt;.</subfield></datafield><datafield ind1=" " ind2=" " tag="580"><subfield code="a">Triweekly ed.: Northern tribune (Bath, Me. : Triweekly).</subfield></datafield><datafield ind1=" " ind2=" " tag="580"><subfield code="a">Merged with: Weekly mirror (Bath, Me.), to form: Northern tribune and weekly mirror.</subfield></datafield><datafield ind1=" " ind2=" " tag="588"><subfield code="a">Description based on: Vol. 2, no. 5 (Nov. 19, 1847).</subfield></datafield><datafield ind1="1" ind2=" " tag="700"><subfield code="a">Plummer, Cyrus M.</subfield></datafield><datafield ind1="1" ind2=" " tag="700"><subfield code="a">Meder, Benjamin H.</subfield></datafield><datafield ind1="1" ind2=" " tag="700"><subfield code="a">Baker, J. S.</subfield></datafield><datafield ind1="1" ind2=" " tag="700"><subfield code="a">Came, Charles Greene,</subfield><subfield code="d">1826-1879.</subfield></datafield><datafield ind1="1" ind2=" " tag="700"><subfield code="a">Crosby, W. H.</subfield></datafield><datafield ind1="1" ind2=" " tag="700"><subfield code="a">Upton, Elijah,</subfield><subfield code="d">1815-1886.</subfield></datafield><datafield ind1=" " ind2=" " tag="752"><subfield code="a">United States</subfield><subfield code="b">Maine</subfield><subfield code="c">Sagadahoc</subfield><subfield code="d">Bath.</subfield></datafield><datafield ind1="1" ind2=" " tag="775"><subfield code="t">Northern tribune (Bath, Me. : Triweekly)</subfield><subfield code="w">(DLC)sn 85038305</subfield></datafield><datafield ind1="1" ind2=" " tag="775"><subfield code="t">Daily northern tribune</subfield><subfield code="w">(DLC)sn 83021246</subfield></datafield><datafield ind1="0" ind2="0" tag="780"><subfield code="t">Northern tribune and Lincoln telegraph</subfield><subfield code="w">(DLC)sn 95068831</subfield></datafield><datafield ind1="1" ind2="7" tag="785"><subfield code="t">Weekly mirror (Bath, Me.)</subfield><subfield code="w">(DLC)sn 83021243</subfield></datafield><datafield ind1="1" ind2="7" tag="785"><subfield code="t">Northern tribune and weekly mirror</subfield><subfield code="w">(DLC)sn 83021244</subfield></datafield><datafield ind1="1" ind2=" " tag="029"><subfield code="a">AU@</subfield><subfield code="b">000025816674</subfield></datafield></record>